@misc{fiume_piave,
title = {Fiume Piave - Wikipedia},
url={https://it.wikipedia.org/wiki/Piave},
notes = {Site update: 2024-11-11}}

@misc{fiume_boite,
title = {Fiume Boite - Wikipedia},
url={https://it.wikipedia.org/wiki/Boite},
notes = {Site update: 2024-05-12}}

@misc{hec-ras,
title = {HEC-RAS - Wikipedia},
url={https://en.wikipedia.org/wiki/HEC-RAS},
notes = {Site update: 2024-01-06}}

@misc{hec-ras-user-manual,
title = {HEC-RAS User's Manual},
url={https://www.hec.usace.army.mil/confluence/rasdocs/rasum/latest},
notes = {Site update: 2024-01-06}}

@misc{hydraulic_equations,
title = {Hydraulic Equations - HEC-RAS User's Manual},
url={https://www.hec.usace.army.mil/confluence/rasdocs/ras1dtechref/latest/theoretical-basis-for-one-dimensional-and-two-dimensional-hydrodynamic-calculations/2d-unsteady-flow-hydrodynamics/hydraulic-equations},
notes = {Site update: 2024-01-17}}

@misc{grid_and_dual_grid,
title = {Grid and dual grid - HEC-RAS User's Manual},
url={https://www.hec.usace.army.mil/confluence/rasdocs/ras1dtechref/latest/theoretical-basis-for-one-dimensional-and-two-dimensional-hydrodynamic-calculations/2d-unsteady-flow-hydrodynamics/grid-and-dual-grid},
notes = {Site update: 2024-01-17}}

@misc{modeling_bridges,
title = {Modeling bridges - HEC-RAS User's Manual},
url={https://www.hec.usace.army.mil/confluence/rasdocs/ras1dtechref/latest/modeling-bridges},
notes = {Site update: 2024-01-17}}

@misc{boundary_conditions,
title = {Boundary conditions - HEC-RAS User's Manual},
url={https://www.hec.usace.army.mil/confluence/rasdocs/rasum/6.1/performing-a-1d-unsteady-flow-analysis/entering-and-editing-unsteady-flow-data/boundary-conditions},
notes = {Site update: 2024-01-17}}

@misc{progetto_hms,
title = {Progetto HMS - github.com},
url={https://github.com/lucabotol/PROGETTO_HMS},
notes = {Site update: 2024-01-17}}

@misc{distrettoalpiorientali,
title = {Autorit√† di Bacino del Distretto delle Alpi Orientali},
url={https://distrettoalpiorientali.it/},
notes = {Site update: 2024-01-19}}


@misc{pgra,
title = {PGRA - Distretto delle Alpi Orientali},
url={https://distrettoalpiorientali.it/piano-gestione-rischio-alluvioni/},
notes = {Site update: 2024-01-19}}

@misc{rigurgito,
title = {Rigurgito (idraulica) - Wikipedia},
url={https://it.wikipedia.org/wiki/Rigurgito_(idraulica)},
notes = {Site update: 2024-01-19}}


@misc{rel_gen_pgra,
title = {Relazione generale PGRA - Distretto Alpi Orientali},
url={https://sigma.distrettoalpiorientali.it/sigma/documentDownload/downloadDocumentById?documentId=359},
notes = {Site update: 2024-01-19}}

https://sigma.distrettoalpiorientali.it/sigma/documentDownload/downloadDocumentById?documentId=359
}